@phdthesis{varacha2006,
  title={Syntéza neuronových sítí metodou symbolické regrese},
  author={Varacha, Pavel},
  year={2006}
}

@incollection{vsikulova2012coevolution,
  title={Coevolution in cartesian genetic programming},
  author={{\v{S}}ikulov{\'a}, Michaela and Sekanina, Luk{\'a}{\v{s}}},
  booktitle={Genetic Programming},
  pages={182--193},
  year={2012},
  publisher={Springer}
}

@book{Eberhartc2007,
  author = {Russell C Eberhart and Yuhui Shi},
  title = {Computational intelligence},
  publisher = {Elsevier/Morgan Kaufmann Publishers},
  address = {Boston},
  year = {c2007},
}

@unpublished{Papadourakis2014,
  author = {Papadourakis, George},
  title = {Artificial Neural Networks},
  note = {Lectures tought in the theoretical class of artificial neural networks at T.E.I. of Crete}
}

@unpublished{Papavasileiou2014,
  author = {Papavasilieou, Katarina},
  title = {Artificial Neural Networks},
  note = {Materials written for the practical lectures of neural networks}
}

